<?xml version="1.0" encoding="UTF-8"?><collection xmlns="http://www.loc.gov/MARC21/slim"><record><leader>00365nam--2200133-i-4500</leader><controlfield tag="001">000049924</controlfield><controlfield tag="002">20161230</controlfield><controlfield tag="005">20161230201047</controlfield><controlfield tag="008">060222s1000------------r-----000-0-eng-d</controlfield><datafield ind1=" " ind2=" " tag="080"><subfield code="a">534.284:535.345.6</subfield></datafield><datafield ind1=" " ind2=" " tag="100"><subfield code="a">Babe,G.D.,Gusev,E.L</subfield></datafield><datafield ind1=" " ind2=" " tag="245"><subfield code="a">Matematicheskie metody optimizacii interferecionnyh filtrov</subfield></datafield><datafield ind1=" " ind2=" " tag="260"><subfield code="a">Novosibirsk, Nauka, 1987. 212 S</subfield></datafield><datafield ind1=" " ind2=" " tag="852"><subfield code="a">74584</subfield></datafield></record></collection>